<?xml version="1.0" encoding="UTF-8"?><record xmlns="http://www.loc.gov/MARC21/slim" xmlns:cinclude="http://apache.org/cocoon/include/1.0" xmlns:zs="http://www.loc.gov/zing/srw/">
  <leader>00500cz  a2200157n  4500</leader>
  <controlfield tag="001">n  95067889 </controlfield>
  <controlfield tag="003">DLC</controlfield>
  <controlfield tag="005">20110310074841.0</controlfield>
  <controlfield tag="008">950711n| acannaab           |a aaa      </controlfield>
  <datafield tag="010" ind1=" " ind2=" ">
    <subfield code="a">n  95067889 </subfield>
    <subfield code="z">no 98051538 </subfield>
    <subfield code="z">no 98020045 </subfield>
  </datafield>
  <datafield tag="040" ind1=" " ind2=" ">
    <subfield code="a">DLC</subfield>
    <subfield code="c">DLC</subfield>
    <subfield code="d">DLC</subfield>
  </datafield>
  <datafield tag="100" ind1="0" ind2=" ">
    <subfield code="a">Congo Ashanti Roy</subfield>
  </datafield>
  <datafield tag="400" ind1="0" ind2=" ">
    <subfield code="a">Congo Ashantie Roy</subfield>
  </datafield>
  <datafield tag="400" ind1="1" ind2=" ">
    <subfield code="a">Johnson, Roydel</subfield>
  </datafield>
  <datafield tag="670" ind1=" " ind2=" ">
    <subfield code="a">Level vibes, p1984:</subfield>
    <subfield code="b">label (Congo Ashanti Roy) container (Roydel Johnson)</subfield>
  </datafield>
  <datafield tag="670" ind1=" " ind2=" ">
    <subfield code="a">Sign of the star, p1981:</subfield>
    <subfield code="b">container (Congo Ashantie Roy)</subfield>
  </datafield>
</record>